@misc{Ruby,
  title = {{Ruby Programming Language}},
  howpublished = {\url{https://www.ruby-lang.org/en/}},
  note = {Acceduto: 17-09-2019}
}

@misc{rfc4226,
  title = {{Standard RFC 4226}},
  howpublished = {\url{http://tools.ietf.org/html/rfc4226}},
  note = {Acceduto: 10-09-2019}
}

@misc{rfc6238,
  title = {{Standard RFC 6238}},
  howpublished = {\url{http://tools.ietf.org/html/rfc6238}},
  note = {Acceduto: 10-09-2019}
}

@misc{Rails,
  title = {{Ruby on Rails}},
  howpublished = {\url{https://rubyonrails.org/}},
  note = {Acceduto: 17-09-2019}
}

@article{scrum,
  author    = {{Schwaber K. e Sutherland J.}},
  title     = {{La Guida Definitiva a Scrum}},
  year      = {2014},
  url       = {https://www.scrumguides.org/docs/scrumguide/v1/Scrum-Guide-ITA.pdf},
  archivePrefix = {https://scrumguides.org/},
}

